% This is a shared bibliography for the retinopathy articles we make use of in our own papers

@article{Srinivasan2014,
	title={Fully automated detection of diabetic macular edema and dry age-related macular degeneration from optical coherence tomography images},
	author={Srinivasan, P. P. and Kim, L. A. and Mettu, P. S. and Cousins, S. W. and Comer, G. M. and Izatt, J. A. and Farsiu, S.},
	journal={Biomedical Optical Express},
	volume={5},
    number={10},
  	pages={3568--3577},
  	year={2014}
}

@article{Liu2011,
	title={Automated macular pathology diagnosis in retinal OCT images using multi-scale spatial pyramid and local binary patterns in texture and shape encoding},
	author={Liu, Y-Y. and Chen, M. and Ishikawa, H. and Wollstein, G. and Schuman, J. S. and Rehg. J. M.},
	journal={Medical Image Analysis},
	volume={15},
  	pages={748--759},
  	year={2011}
}

@inproceedings{Venhuizen2015,
  title={Automated age-related macular degeneration classification in {OCT} using unsupervised feature learning},
  author={Venhuizen, F. G. and van Ginneken, B. and Bloemen, B. and van Grisven, M. J. P. P. and Philipsen, R. and Hoyng, C. and Theelen, T. and Sanchez, C. I.},
  booktitle={SPIE Medical Imaging},
  volume={9414},
  pages={94141l},
  year={2015}
}

@InCollection{Lemaintre2015miccaiOCT,
  title={Classification of {SD-OCT} Volumes with {LBP}: Application to DME Detection},
  author={Lemaitre, G. and Rastgoo, M. and Massich, J. and Sankar, S. and Meriaudeau, F. and Sidibe, D.},
  Booktitle                = {Medical Image Computing and Computer-Assisted Intervention\,(MICCAI), Ophthalmic Medical Image Analysis Workshop\,(OMIA)},
  Year                     = {2015},
}

@misc{protoclass2016apr-repoICPR,
  author       = { ********, ********* },
  title        = {Protoclass, a rapid prototyping tool for image processing and machine learning},
  month        = apr,
  year         = 2016,
  doi          = {********************},
  url          = {**************************************}
}

@misc{liu20016apr-repoICPR,
  author       = { ********, ********* },
  title        = {*****************************},
  month        = apr,
  year         = 2016,
  doi          = {********************},
  url          = {**************************************}
}

@misc{seri2016apr-repoICPR,
  author       = { ********, ********* },
  title        = {srinivasan-2014-oct: ICPR 2016},
  month        = apr,
  year         = 2016,
  doi          = {********************},
  url          = {**************************************}
}


@misc{Lemaitre2015,
  author       = { ********, ********* },
  title        = {retinopathy: JO-OMIA-2015},
  month        = Nov,
  year         = 2015,
  doi          = {********************},
  url          = {**************************************}
}

@inproceedings{albarrak2013age,
  title={Age-related macular degeneration identification in volumetric optical coherence tomography using decomposition and local feature extraction},
  author={Albarrak, A. and Coenen, F. and Zheng, Y.},
  booktitle={Proceedings of 2013 International Conference on Medical Image, Understanding and Analysis},
  pages={59--64},
  year={2013}
}

@inproceedings{anantrasirichai2013svm,
  title={SVM-based texture classification in optical coherence tomography},
  author={Anantrasirichai, N. and Achim, A. and Morgan, J E. and Erchova, I. and Nicholson, L.},
  booktitle={IEEE 10th International Symposium on Biomedical Imaging (ISBI)},
  pages={1332--1335},
  year={2013},
  organization={IEEE}
}

@misc{srinivasan2014oct-repoICPR,
  author       = { ********, ********* },
  title        = {srinivasan-2014-oct: ICPR 2016},
  month        = apr,
  year         = 2016,
  doi          = {********************},
  url          = {**************************************}
}

@misc{Alsaih2016apr-repoICPR,
  author       = {Alsaih, Khaled
                  and Lemaitre, Guillaume
                  and Massich, Joan
                  and Rastgoo, Mojdeh
                  and Sidibe, Desire
                  and Meriaudeau, Fabrice},
  title        = {Classification of {SD-OCT} volumes with multi pyramids, {LBP} and {HOG} descriptors: application to {DME} detections},
  month        = apr,
  year         = 2016,
}

@misc{rethinopaty20015jul-repoMICCAI,
  author       = { ********, ********* },
  title        = {retinopathy: MICCAI-OMIA-2015},
  month        = jul,
  year         = 2015,
  doi          = {********************},
  url          = {**************************************}
}

@misc{rethinopaty20015nov-repoJOMIA,
  author       = { ********, ********* },
  title        = {retinopathy: JO-OMIA-2015},
  month        = nov,
  year         = 2015,
  doi          = {********************},
  url          = {**************************************}
}


@misc{rethinopaty20016apr-repoICPR,
  author       = { ********, ********* },
  title        = {*****************************},
  month        = apr,
  year         = 2016,
  doi          = {********************},
  url          = {**************************************}
}

@misc{sankar2015feb-repoICPR,
  author       = { ********, ********* },
  title        = {******************************},
  month        = feb,
  year         = 2016,
  doi          = {********************},
  url          = {**************************************}
}

@misc{venhuizen2015feb-repoICPR,
  author       = { ********, ********* },
  title        = {******************************},
  month        = feb,
  year         = 2016,
  doi          = {********************},
  url          = {**************************************}
}

@misc{lemaitre2015apr-repoICPR,
  author       = { ********, ********* },
  title        = {******************************},
  month        = apr,
  year         = 2016,
  doi          = {********************},
  url          = {**************************************}
}

